@book{lit_distributedSystems,
	author={George Coulouris and Jean Dollimore and Tim Kindberg and Gordon Blair},
	title={Distributed Systems: Concepts and Design},
	edition={Fifth Edition},	
	isbn={978-0-13-214301-1},
	year={2011},
	publisher={Pearson},
	address={Boston}
}

@book{lit_lingebra,
	title={Lineární algebra},
	edition={Vydání páté},
	author={Jindřich Bečvář},
	isbn={978-80-7378-378-5},
	year={2019},
	publisher={MatfyzPress},
	address={Praha}
}

@book{lit_Discord,
	author={Tee Morris},
	title={Discord For Dummies},	
	year={2020},	
	isbn={978-1-119-68803-7},
	publisher={Wiley},
	address={Hoboken}
}

@book{book_distributedSystems4,
	author={Maarten {van Steen} and Andrew Stuart Tanenbaum},
	title={Distributed Systems},
	edition={Fourth Edition},
	isbn={978-90-815406-4-3},
	year={2023},
	publisher={van Steen}
}

@book{book_distributedSystemsUnderstanding,
	author={Roberto Vitillo},
	title={Understanding Distributed Systems},
	isbn={978-1838430207},
	year={2021},
	publisher={Vitillo}
}

@online{doc_Discord,
	author={{Discord Inc.}},
	title={Discord Official API Documentation},
	year={[2016]},
	urldate={2024-02-01},
	url={https://discord.com/developers/docs},
}

@online{doc_Matrix,
	author={{Matrix.org Foundation}},
	title={Matrix.org - Documentation},
	year={[2015]},
	urldate={2024-02-08},
	url={https://matrix.org/docs},
}

@online{pdf_apps101,
	author={{Discord Inc.}},
	title={Developing on Discord: Starter Packet},
	year={[2022]},
	urldate={2024-02-02},
	url={https://assets-global.website-files.com/6257adef93867e50d84d30e2/6527e5dee6b6cd26313396d4_Developing%20on%20Discord_Starter%20Pack.pdf},
}

@online{web_guilded,
	author={Lucas Matney},
	title={Roblox acquires Discord competitor Guilded},
	year={2021},month={8},day={16},
	urldate={2024-02-05},
	url={https://techcrunch.com/2021/08/16/roblox-acquires-discord-competitor-guilded/},
}
